<?xml version="1.0" encoding="UTF-8"?><collection xmlns="http://www.loc.gov/MARC21/slim"><record><leader>00371nam--2200133-i-4500</leader><controlfield tag="001">000042910</controlfield><controlfield tag="002">20161230</controlfield><controlfield tag="005">20161230201043</controlfield><controlfield tag="008">060222s1000------------r-----000-0-eng-d</controlfield><datafield ind1=" " ind2=" " tag="100"><subfield code="a">Stevens,B</subfield></datafield><datafield ind1=" " ind2=" " tag="245"><subfield code="a">Atomic structure and valency, for general of chemistry</subfield></datafield><datafield ind1=" " ind2=" " tag="260"><subfield code="a">London, Chapman &amp; Hall, 1962. Vii + 103 P</subfield></datafield><datafield ind1=" " ind2=" " tag="490"><subfield code="a">Physical Chemistry Textbooks</subfield></datafield><datafield ind1=" " ind2=" " tag="852"><subfield code="a">18632</subfield></datafield></record></collection>